<record><leader>00000cas a2200000 a 4500</leader><controlfield tag="001">905904575</controlfield><controlfield tag="008">150331c20159999ksusr ne      0   a0eng c</controlfield><datafield ind1=" " ind2=" " tag="010"><subfield code="a">  2015269501</subfield></datafield><datafield ind1=" " ind2=" " tag="040"><subfield code="a">KSH</subfield><subfield code="b">eng</subfield><subfield code="c">KSH</subfield><subfield code="d">KSH</subfield><subfield code="d">DLC</subfield><subfield code="d">OCLCF</subfield><subfield code="d">OCLCA</subfield></datafield><datafield ind1="1" ind2=" " tag="041"><subfield code="a">eng</subfield><subfield code="a">spa</subfield></datafield><datafield ind1=" " ind2=" " tag="042"><subfield code="a">pcc</subfield></datafield><datafield ind1=" " ind2=" " tag="043"><subfield code="a">n-us-ks</subfield></datafield><datafield ind1="0" ind2="0" tag="245"><subfield code="a">Southwest Kansas Catholic.</subfield></datafield><datafield ind1=" " ind2=" " tag="260"><subfield code="a">Dodge City, Kan. :</subfield><subfield code="b">Catholic Diocese of Dodge City,</subfield><subfield code="c">2015-</subfield></datafield><datafield ind1=" " ind2=" " tag="300"><subfield code="a">v. :</subfield><subfield code="b">ill. ;</subfield><subfield code="c">40 cm.</subfield></datafield><datafield ind1=" " ind2=" " tag="310"><subfield code="a">Semimonthly</subfield></datafield><datafield ind1="0" ind2=" " tag="362"><subfield code="a">Vol. 50, no. 1 (March 8, 2015)-</subfield></datafield><datafield ind1=" " ind2=" " tag="546"><subfield code="a">Text in English, with some articles in Spanish.</subfield></datafield><datafield ind1=" " ind2=" " tag="550"><subfield code="a">"Newspaper of the Catholic Diocese of Dodge City."</subfield></datafield><datafield ind1="2" ind2="0" tag="610"><subfield code="a">Catholic Church.</subfield><subfield code="b">Diocese of Dodge City (Kan.)</subfield></datafield><datafield ind1=" " ind2="0" tag="650"><subfield code="a">Catholics</subfield><subfield code="z">Kansas</subfield><subfield code="v">Periodicals.</subfield></datafield><datafield ind1=" " ind2="7" tag="655"><subfield code="a">Periodicals.</subfield><subfield code="2">fast</subfield><subfield code="0">(OCoLC)fst01411641</subfield></datafield><datafield ind1="2" ind2="7" tag="610"><subfield code="a">Catholic Church.</subfield><subfield code="b">Diocese of Dodge City (Kan.)</subfield><subfield code="2">fast</subfield><subfield code="0">(OCoLC)fst01656071</subfield></datafield><datafield ind1=" " ind2="7" tag="650"><subfield code="a">Catholics.</subfield><subfield code="2">fast</subfield><subfield code="0">(OCoLC)fst00849297</subfield></datafield><datafield ind1=" " ind2="7" tag="651"><subfield code="a">Kansas.</subfield><subfield code="2">fast</subfield><subfield code="0">(OCoLC)fst01204323</subfield></datafield><datafield ind1="2" ind2=" " tag="710"><subfield code="a">Catholic Church.</subfield><subfield code="b">Diocese of Dodge City (Kan.)</subfield></datafield><datafield ind1=" " ind2=" " tag="752"><subfield code="a">United States</subfield><subfield code="b">Kansas</subfield><subfield code="c">Ford</subfield><subfield code="d">Dodge City.</subfield></datafield><datafield ind1="0" ind2="0" tag="780"><subfield code="t">Southwest Kansas register</subfield><subfield code="x">0038-4690</subfield><subfield code="w">(DLC)sn 78003977</subfield><subfield code="w">(OCoLC)3930018</subfield></datafield><datafield ind1="4" ind2="2" tag="856"><subfield code="u">http://www.dcdiocese.org/</subfield><subfield code="z">View the diocesan website, including recent issues</subfield></datafield></record>